@article{jo2022oral,
  title={Oral and gut dysbiosis leads to functional alterations in Parkinson’s disease},
  author={Jo, Sungyang and Kang, Woorim and Hwang, Yun Su and Lee, Seung Hyun and Park, Kye Won and Kim, Mi Sun and Lee, Hyunna and Yoon, Hyung Jeong and Park, Yoo Kyoung and Chalita, Mauricio and others},
  journal={npj Parkinson's Disease},
  volume={8},
  number={1},
  pages={1--12},
  year={2022},
  publisher={Nature Publishing Group}
}
@article{mihaila2019oral,
  title={The oral microbiome of early stage Parkinson’s disease and its relationship with functional measures of motor and non-motor function},
  author={Mihaila, Dragos and Donegan, Jordan and Barns, Sarah and LaRocca, Daria and Du, Qian and Zheng, Danny and Vidal, Michael and Neville, Christopher and Uhlig, Richard and Middleton, Frank A},
  journal={PLoS One},
  volume={14},
  number={6},
  pages={e0218252},
  year={2019},
  publisher={Public Library of Science San Francisco, CA USA}
}
@article{Li2021GutMD,
  title={Gut Microbiota Dysbiosis Is Associated with Elevated Bile Acids in Parkinson’s Disease},
  author={Peipei Li and Bryan A. Killinger and Elizabeth Ensink and Ian Beddows and Ali Yilmaz and Noah Lubben and Jared Lamp and Meghan Schilthuis and Irving E. Vega and Randy Woltjer and John Andrew Pospisilik and Patrik Brundin and Lena Brundin and Stewart Francis Graham and Viviane Labrie},
  journal={Metabolites},
  year={2021},
  volume={11}
}
@article{Jena2021RoleOG,
  title={Role of Gastrointestinal Dysbiosis and Fecal Transplantation in Parkinson’s Disease},
  author={Rahul Jena and Ruchi Jain and Suchitra Muralidharan and Vijaya lakshmi Yanamala and Zainab Zubair and Ketan Kantamaneni and Krishi Jalla and Mahvish Renzu and Michael Alfonso},
  journal={Cureus},
  year={2021},
  volume={13}
}
@article{Nishiwaki2020MetaAnalysisOG,
  title={Meta‐Analysis of Gut Dysbiosis in Parkinson's Disease},
  author={Hiroshi Nishiwaki and Mikako Ito and Tomohiro Ishida and Tomonari Hamaguchi and Tetsuya Maeda and Kenichi Kashihara and Yoshio Tsuboi and Jun Ueyama and Teppei Shimamura and Hiroshi Mori and Ken Kurokawa and Masahisa Katsuno and Masaaki Hirayama and Kinji Ohno},
  journal={Movement Disorders},
  year={2020},
  volume={35}
}
@article{Hirayama2021ParkinsonsDA,
  title={Parkinson’s Disease and Gut Microbiota},
  author={Masaaki Hirayama and Kinji Ohno},
  journal={Annals of Nutrition and Metabolism},
  year={2021},
  volume={77},
  pages={28 - 35}
}
@article{criscuolo2013alientrimmer,
  title={AlienTrimmer: a tool to quickly and accurately trim off multiple short contaminant sequences from high-throughput sequencing reads},
  author={Criscuolo, Alexis and Brisse, Sylvain},
  journal={Genomics},
  volume={102},
  number={5-6},
  pages={500--506},
  year={2013},
  publisher={Elsevier}
}
@article{plaza2019mspminer,
  title={MSPminer: abundance-based reconstitution of microbial pan-genomes from shotgun metagenomic data},
  author={Plaza O{\~n}ate, Florian and Le Chatelier, Emmanuelle and Almeida, Mathieu and Cervino, Alessandra CL and Gauthier, Franck and Magoul{\`e}s, Fr{\'e}d{\'e}ric and Ehrlich, S Dusko and Pichaud, Matthieu},
  journal={Bioinformatics},
  volume={35},
  number={9},
  pages={1544--1552},
  year={2019},
  publisher={Oxford University Press}
}
